@article{degrauwe1987idac,
  title={IDAC: An interactive design tool for analog CMOS circuits},
  author={Degrauwe, Marc GR and Nys, Olivier and Dijkstra, Evert and Rijmenants, Jef and Bitz, Serge and Goffart, Bernard LAG and Vittoz, Eric A and Cserveny, Stefan and Meixenberger, Christian and Van Der Stappen, G and others},
  journal={IEEE Journal of solid-state circuits},
  volume={22},
  number={6},
  pages={1106--1116},
  year={1987},
  publisher={IEEE}
}

@MISC {hectorthøgersen2310,
    author       = "Hector Thøgersen",
    title        = "Den Bedste Bog",
    howpublished = "Online",
    month        = "1",
    year         = "2310"
}